@article{Weitz2023ADiagnostics,
    title = {{A Multi-Stain Breast Cancer Histological Whole-Slide-Image Data Set from Routine Diagnostics}},
    year = {2023},
    journal = {Scientific Data},
    author = {Weitz, Philippe and Valkonen, Masi and Solorzano, Leslie and Carr, Circe and Kartasalo, Kimmo and Boissin, Constance and Koivukoski, Sonja and Kuusela, Aino and Rasic, Dusan and Feng, Yanbo and Sinius Pouplier, Sandra and Sharma, Abhinav and Ledesma Eriksson, Kajsa and Latonen, Leena and Laenkholm, Anne Vibeke and Hartman, Johan and Ruusuvuori, Pekka and Rantalainen, Mattias},
    number = {1},
    month = {12},
    volume = {10},
    publisher = {Nature Research},
    doi = {10.1038/s41597-023-02422-6},
    issn = {20524463},
    pmid = {37620357}
}

@misc{Nemade2022ATechniques,
    title = {{A Systematic Literature Review of Breast Cancer Diagnosis Using Machine Intelligence Techniques}},
    year = {2022},
    booktitle = {Archives of Computational Methods in Engineering},
    author = {Nemade, Varsha and Pathak, Sunil and Dubey, Ashutosh Kumar},
    number = {6},
    month = {10},
    pages = {4401--4430},
    volume = {29},
    publisher = {Springer Science and Business Media B.V.},
    doi = {10.1007/s11831-022-09738-3},
    issn = {18861784}
}

@article{Zhang2023AddingModels,
    title = {{Adding Conditional Control to Text-to-Image Diffusion Models}},
    year = {2023},
    author = {Zhang, Lvmin and Rao, Anyi and Agrawala, Maneesh},
    month = {2},
    arxivId = {2302.05543}
}

@techreport{LiuBCI:Pix2pix,
    title = {{BCI: Breast Cancer Immunohistochemical Image Generation through Pyramid Pix2pix}},
    author = {Liu, Shengjie and Zhu, Chuang and Xu, Feng and Jia, Xinyu and Shi, Zhongyue and Jin, Mulan},
    url = {https://bupt-ai-cz.github.}
}

@article{Sung2021GlobalCountries,
    title = {{Global Cancer Statistics 2020: GLOBOCAN Estimates of Incidence and Mortality Worldwide for 36 Cancers in 185 Countries}},
    year = {2021},
    journal = {CA: A Cancer Journal for Clinicians},
    author = {Sung, Hyuna and Ferlay, Jacques and Siegel, Rebecca L. and Laversanne, Mathieu and Soerjomataram, Isabelle and Jemal, Ahmedin and Bray, Freddie},
    number = {3},
    month = {5},
    pages = {209--249},
    volume = {71},
    doi = {10.3322/caac.21660},
    issn = {0007-9235}
}

@article{Tewary2021HER2Fusion,
    title = {{HER2 Molecular Marker Scoring Using Transfer Learning and Decision Level Fusion}},
    year = {2021},
    journal = {Journal of Digital Imaging},
    author = {Tewary, Suman and Mukhopadhyay, Sudipta},
    number = {3},
    month = {6},
    pages = {667--677},
    volume = {34},
    publisher = {Springer Science and Business Media Deutschland GmbH},
    doi = {10.1007/s10278-021-00442-5},
    issn = {1618727X},
    pmid = {33742331},
    keywords = {Deep learning, HER2 molecular marker, Image analysis, Immunohistochemical (IHC) analysis, Transfer learning}
}

@article{Pathmanathan2012HER2Developments,
    title = {{HER2 testing in breast cancer: an overview of current techniques and recent developments}},
    year = {2012},
    journal = {Pathology},
    author = {Pathmanathan, N. and Bilous, A. Michael},
    number = {7},
    month = {12},
    pages = {587--595},
    volume = {44},
    doi = {10.1097/PAT.0b013e328359cf9a},
    issn = {00313025}
}

@article{Slamon1987HumanOncogene,
    title = {{Human Breast Cancer: Correlation of Relapse and Survival with Amplification of the HER-2/ <i>neu</i> Oncogene}},
    year = {1987},
    journal = {Science},
    author = {Slamon, Dennis J. and Clark, Gary M. and Wong, Steven G. and Levin, Wendy J. and Ullrich, Axel and McGuire, William L.},
    number = {4785},
    month = {1},
    pages = {177--182},
    volume = {235},
    doi = {10.1126/science.3798106},
    issn = {0036-8075}
}

@article{Che2023ImmunohistochemicalLearning,
    title = {{Immunohistochemical HER2 Recognition and Analysis of Breast Cancer Based on Deep Learning}},
    year = {2023},
    journal = {Diagnostics},
    author = {Che, Yuxuan and Ren, Fei and Zhang, Xueyuan and Cui, Li and Wu, Huanwen and Zhao, Ze},
    number = {2},
    month = {1},
    volume = {13},
    publisher = {Multidisciplinary Digital Publishing Institute (MDPI)},
    doi = {10.3390/diagnostics13020263},
    issn = {20754418},
    keywords = {HER2, IHC, breast cancer, deep learning, whole-slide image}
}

@misc{Radak2023MachineStudies,
    title = {{Machine learning and deep learning techniques for breast cancer diagnosis and classification: a comprehensive review of medical imaging studies}},
    year = {2023},
    booktitle = {Journal of Cancer Research and Clinical Oncology},
    author = {Radak, Mehran and Lafta, Haider Yabr and Fallahi, Hossein},
    number = {12},
    month = {9},
    pages = {10473--10491},
    volume = {149},
    publisher = {Springer Science and Business Media Deutschland GmbH},
    doi = {10.1007/s00432-023-04956-z},
    issn = {14321335},
    pmid = {37278831},
    keywords = {ANN, Breast cancer, Convolutional neural network, DT, Deep learning, Histology, MRI, Machine learning, Mammography, Medical imaging, Naive Bayesian network, Nearest neighbor, SVM, Thermography, Ultrasound}
}

@techreport{Wu2014MachineImaging,
    title = {{Machine Learning in Medical Imaging}},
    year = {2014},
    author = {Wu, Guorong and Zhang, Daoqiang and Zhou, Luping},
    pages = {Proceedings}
}

@article{Kabir2024TheCancer,
    title = {{The utility of a deep learning-based approach in Her-2/neu assessment in breast cancer}},
    year = {2024},
    journal = {Expert Systems with Applications},
    author = {Kabir, Saidul and Vranic, Semir and Mahmood Al Saady, Rafif and Salman Khan, Muhammad and Sarmun, Rusab and Alqahtani, Abdulrahman and Abbas, Tariq O. and Chowdhury, Muhammad E.H.},
    month = {3},
    volume = {238},
    publisher = {Elsevier Ltd},
    doi = {10.1016/j.eswa.2023.122051},
    issn = {09574174},
    keywords = {Artificial intelligence, Breast cancer, Classification, Deep learning, Hematoxylin-eosin (H{\&}E), Her-2/neu, Immunohistochemistry (IHC)}
}

@article{Slamon2001UseHER2,
    title = {{Use of Chemotherapy plus a Monoclonal Antibody against HER2 for Metastatic Breast Cancer That Overexpresses HER2}},
    year = {2001},
    journal = {New England Journal of Medicine},
    author = {Slamon, Dennis J. and Leyland-Jones, Brian and Shak, Steven and Fuchs, Hank and Paton, Virginia and Bajamonde, Alex and Fleming, Thomas and Eiermann, Wolfgang and Wolter, Janet and Pegram, Mark and Baselga, Jose and Norton, Larry},
    number = {11},
    month = {3},
    pages = {783--792},
    volume = {344},
    doi = {10.1056/NEJM200103153441101},
    issn = {0028-4793}
}