%% Created by Giuseppe Torre 

% UL Cite it Right https://libguides.ul.ie/citeitright/ 

% Line 7 - 145  example of citations
% Copy/Paste/Edit example after line 150

